@article{Sanov,
    author    = {I. Sanov},
    title     = {The property of one free group representation},
    journal   = {Doklady Akademii Nauk USSR},
    volume    = {57},
    number    = {7},
    pages     = {657--659},
    year      = {1947}
}

@article{Kanel,
    author    = {A. Kanel-Belov},
    title     = {Local finite basability and local representability of varieties of associative rings},
    journal   = {Doklady Akademii Nauk},
    volume    = {432},
    number    = {6},
    pages     = {727--731},
    year      = {2010}
}



@article{Zubkov,
    author    = {A. Zubkov},
    title     = {Non-abelian free pro-p-groups cannot be represented by 2-by-2 matrices},
    journal   = {Siberian Mathematical Journal},
    volume    = {28},
    pages     = {742--747},
    year      = {1987}
}

@article{Pink,
    author    = {R. Pink},
    title     = {Compact subgroups of linear algebraic groups},
    journal   = {Journal of Algebra},
    volume    = {206},
    pages     = {438--504},
    year      = {1998}
}

@article{Barnea-Larsen,
    author    = {Y. Barnea and M. Larsen},
    title     = {A non-abelian free pro-p group is not linear over a local field},
    journal   = {Journal of Algebra},
    volume    = {214},
    pages     = {338--341},
    year      = {1999}
}

@article{DMSD,
    author    = {J. Dixon and A. Mann and M. du Sautoy and D. Segal},
    title     = {Analytic pro-p-groups},
    journal   = {London Mathematical Society Lecture Note Series},
    publisher = {Cambridge University Press},
    year      = {1991}
}

@article{Ben-Ezra-Zelmanov,
    author    = {D. Ben-Ezra and E. Zelmanov},
    title     = {On Pro-2 Identities of 2×2 Linear Groups},
    journal   = {arXiv:1910.05805v2},
    year = {2020},
}

@article{Zelmanov1,
    author    = {E. Zelmanov},
    title     = {Infinite algebras and pro-p groups},
    journal   = {Infinite groups: geometric, combinatorial and dynamical aspects},
    publisher = {Progr. Math.},
    volume    = {248},
    pages     = {403--413},
    year      = {2005}
}

@article{Zelmanov2,
    author    = {E. Zelmanov},
    title     = {Groups with identities},
    journal   = {Note. Mat.},
    volume    = {36},
    pages     = {101--113},
    year      = {2016}
}

@article{Gelfand,
    author = {I.M. Gelfand},
    title = {The cohomology of infinite dimensional Lie algebras;
Some questions of integral geometry},
    journal = {Proceedings of ICM},
    year = {1970},
    volume = {T.1},
    pages = {95--111},
}

@article{Feigin-Kanel-Khoroshkin,
    author    = {B. Feigin and A. Kanel-Belov and A. Khoroshkin},
    title     = {On finite dimensionality of homology of subalgebras of vector fields},
    journal   = {arXiv:2211.08510v1},
    year = {2022},
}

@article{Centrone-Kanel-Khoroshkin-Vorobiov,
    author    = {L. Centrone and A. Kanel-Belov and A. Khoroshkin and I. Vorobiov},
    title     = {Specht property for systems of commutative polynomials and Gelfand conjecture},
    journal   = {researchgate net},
    year = {2022},
}


@article{Kemer,
    author    = {A. Kemer},
    title     = {Finite basability of identities of associative algebras},
    journal   = {Algebra and Logics},
    volume    = {26},
    number    = {5},
    pages     = {597--641},
    year      = {1987}
}

@article{Aljadeff-Kanel-Karasik,
    author    = {E. Aljadeff and A. Kanel-Belov and Y. Karasik},
    title     = {Kemer’s theorem for affine PI algebras over a field of characteristic zero},
    journal   = {Journal of Pure and Applied Algebra},
    volume    = {220},
    number    = {8},
    pages     = {2771--2808},
    year      = {2016}
}

@article{Procesi,
    author    = {C. Procesi},
    title     = {The geometry of polynomial identities},
    journal   = {Izv. Math.},
    volume    = {80},
    number    = {5},
    pages     = {910--953},
    year      = {2016}
}

@article{Grishin,
    author    = {A. Grishin},
    title     = {On finitely based systems of generalized polynomials},
    journal   = {Math. USSR-Izv.},
    volume    = {37},
    number    = {2},
    pages     = {243--272},
    year      = {1991}
}


@article{Shchigolev,
    author    = {V. Shchigolev},
    title     = {Finite-basis property of T-spaces over fields of characteristic zero},
    journal   = {Izv. Ross. Akad. Nauk, Ser. Mat.},
    volume    = {65,},
    number    = {5},
    pages     = {1041--1071},
    year      = {2001}
}

@article{Lubotzky,
    author    = {A. Lubotzky},
    title     = {Combinatorial group theory for PRO-p groups},
    journal   = {Pure and Applied Algebra},
    volume    = {25,},
    pages     = {311--325},
    year      = {1982}
}

@article{SimpleKemer,
    author    = {E. Aljadeff, A. Kanel-Belov, Y. Karasik},
    title     = {Kemer’s theorem for affine PI algebras over a field of characteristic zero},
    journal   = {Pure and Applied Algebra},
    volume    = {220,},
    pages     = {2771--2808},
    year      = {2016}
}

@article{Grishin2,
    author    = {A. Grishin},
    title     = {On finitely based systems of generalized polynomials},
    journal   = {Math. USSR-Izv.},
    volume    = {37,},
    number    = {2},
    pages     = {243–-272},
    year      = {1991}
}

@article{GrishinSchigolev,
    author    = {A. Grishin, V. Shchigolev},
    title     = {T-spaces and their applications.},
    journal   = {Math. Sci., New York},
    volume    = {134,},
    number    = {1},
    pages     = {1799--1878},
    year      = {2004}
}

@article{Lie,
    author    = {I. Benediktovich, A. Zalesskii},
    title     = {T-ideals of free Lie algebras with polynomial growth of a sequence of codimensions},
    journal   = {Proceedings of the National
Academy of Sciences of Belarus. Series of Physical-Mathematical Sciences},
    volume    = {3,},
    pages     = {5--10},
    year      = {1980}
}

@article{Jordan,
    author    = {A. Ja. Vais and E. I. Zelmanov},
    title     = {Kemer’s theorem for finitely generated Jordan algebras},
    journal   = {Izv. Vyssh. Uchebn. Zved. Mat.},
    volume    = {33},
    number    = {6},
    pages     = {42--51},
    year      = {1989},
    note      = {Translation: Soviet Math. (Iz. VUZ) 33(6) (1989), 38--47}
}

@article{Super,
    author    = {L. Centrone and A. Estrada and A. Ioppolo},
    title     = {On PI-algebras with additional structures: rationality of Hilbert series and Specht’s problem},
    journal   = {J. Algebra},
    volume    = {592},
    pages     = {300--356},
    year      = {2022}
}

@article{ConterKanel,
    author    = {A. Ya. Belov},
    title     = {Counterexamples to the Specht problem},
    journal   = {Sb. Math.},
    volume    = {191},
    number    = {3},
    pages     = {13--24},
    year      = {2000},
    note      = {Translation: Sb. Math. 131(3-4) (2000), 329--340}
}

@article{ConterGrishin,
    author    = {A. V. Grishin},
    title     = {Examples of T-spaces and T-ideals over a field of characteristic 2 without the finite basis property},
    journal   = {Fundam. Prikl. Mat.},
    volume    = {5},
    number    = {1},
    pages     = {101--118},
    year      = {1999}
}

@article{ConterShchigolev,
    author    = {V. V. Shchigolev},
    title     = {Examples of infinitely based T-ideals},
    journal   = {Fundam. Prikl. Mat.},
    volume    = {5},
    number    = {1},
    pages     = {307--312},
    year      = {1999}
}

@article{GradedKanel,
    author    = {E. Aljadeff and A. Kanel-Belov},
    title     = {Representability and Specht problem for G-graded algebras},
    journal   = {Adv. Math.},
    volume    = {225},
    number    = {5},
    pages     = {2391--2428},
    year      = {2010}
}

@article{GradedSviridova,
    author    = {I. Sviridova},
    title     = {Identities of pi-algebras graded by a finite abelian group},
    journal   = {Comm. Algebra},
    volume    = {39},
    number    = {9},
    pages     = {3462--3490},
    year      = {2011}
}


