@article{Sanov,
    author    = {I. Sanov},
    title     = {The property of one free group representation},
    journal   = {Doklady Akademii Nauk USSR},
    volume    = {57},
    number    = {7},
    pages     = {657--659},
    year      = {1947}
}

@article{Kanel,
    author    = {A. Kanel-Belov},
    title     = {Local finite basability and local representability of varieties of associative rings},
    journal   = {Doklady Akademii Nauk},
    volume    = {432},
    number    = {6},
    pages     = {727--731},
    year      = {2010}
}



@article{Zubkov,
    author    = {A. Zubkov},
    title     = {Non-abelian free pro-p-groups cannot be represented by 2-by-2 matrices},
    journal   = {Siberian Mathematical Journal},
    volume    = {28},
    pages     = {742--747},
    year      = {1987}
}

@article{Pink,
    author    = {R. Pink},
    title     = {Compact subgroups of linear algebraic groups},
    journal   = {Journal of Algebra},
    volume    = {206},
    pages     = {438--504},
    year      = {1998}
}

@article{Barnea-Larsen,
    author    = {Y. Barnea and M. Larsen},
    title     = {A non-abelian free pro-p group is not linear over a local field},
    journal   = {Journal of Algebra},
    volume    = {214},
    pages     = {338--341},
    year      = {1999}
}

@article{DMSD,
    author    = {J. Dixon and A. Mann and M. du Sautoy and D. Segal},
    title     = {Analytic pro-p-groups},
    journal   = {London Mathematical Society Lecture Note Series},
    publisher = {Cambridge University Press},
    year      = {1991}
}

@article{Ben-Ezra-Zelmanov,
    author    = {D. Ben-Ezra and E. Zelmanov},
    title     = {On Pro-2 Identities of 2×2 Linear Groups},
    journal   = {arXiv:1910.05805v2},
    year = {2020},
}

@article{Zelmanov1,
    author    = {E. Zelmanov},
    title     = {Infinite algebras and pro-p groups},
    journal   = {Infinite groups: geometric, combinatorial and dynamical aspects},
    publisher = {Progr. Math.},
    volume    = {248},
    pages     = {403--413},
    year      = {2005}
}

@article{Zelmanov2,
    author    = {E. Zelmanov},
    title     = {Groups with identities},
    journal   = {Note. Mat.},
    volume    = {36},
    pages     = {101--113},
    year      = {2016}
}

@article{Gelfand,
    author = {I.M. Gelfand},
    title = {The cohomology of infinite dimensional Lie algebras;
Some questions of integral geometry},
    journal = {Proceedings of ICM},
    year = {1970},
    volume = {T.1},
    pages = {95--111},
}

@article{Feigin-Kanel-Khoroshkin,
    author    = {B. Feigin and A. Kanel-Belov and A. Khoroshkin},
    title     = {On finite dimensionality of homology of subalgebras of vector fields},
    journal   = {arXiv:2211.08510v1},
    year = {2022},
}

@article{Centrone-Kanel-Khoroshkin-Vorobiov,
    author    = {L. Centrone and A. Kanel-Belov and A. Khoroshkin and I. Vorobiov},
    title     = {Specht property for systems of commutative polynomials and Gelfand conjecture},
    journal   = {researchgate net},
    year = {2022},
}


@article{Kemer,
    author    = {A. Kemer},
    title     = {Finite basability of identities of associative algebras},
    journal   = {Algebra and Logics},
    volume    = {26},
    number    = {5},
    pages     = {597--641},
    year      = {1987}
}

@article{Aljadeff-Kanel-Karasik,
    author    = {E. Aljadeff and A. Kanel-Belov and Y. Karasik},
    title     = {Kemer’s theorem for affine PI algebras over a field of characteristic zero},
    journal   = {Journal of Pure and Applied Algebra},
    volume    = {220},
    number    = {8},
    pages     = {2771--2808},
    year      = {2016}
}

@article{Procesi,
    author    = {C. Procesi},
    title     = {The geometry of polynomial identities},
    journal   = {Izv. Math.},
    volume    = {80},
    number    = {5},
    pages     = {910--953},
    year      = {2016}
}

@article{Grishin,
    author    = {A. Grishin},
    title     = {On finitely based systems of generalized polynomials},
    journal   = {Math. USSR-Izv.},
    volume    = {37},
    number    = {2},
    pages     = {243--272},
    year      = {1991}
}


@article{Shchigolev,
    author    = {V. Shchigolev},
    title     = {Finite-basis property of T-spaces over fields of characteristic zero},
    journal   = {Izv. Ross. Akad. Nauk, Ser. Mat.},
    volume    = {65,},
    number    = {5},
    pages     = {1041--1071},
    year      = {2001}
}

